@INPROCEEDINGS{7952190,  author={Dai, Wei and Dai, Chia and Qu, Shuhui and Li, Juncheng and Das, Samarjit},  booktitle={2017 IEEE International Conference on Acoustics, Speech and Signal Processing (ICASSP)},   title={Very deep convolutional neural networks for raw waveforms},   year={2017},  volume={},  number={},  pages={421-425},  doi={10.1109/ICASSP.2017.7952190}}

@misc{
  mlcb,
  author={Tiep Vu-Huu},
  URL={https://machinelearningcoban.com/2018/10/03/conv2d}
}

